@MISC{cpldcpu,
author = {Blog CPLDCPU},
title = {Understanding the WS2812},
month = jan,
year = {2014},
howpublished={\url{https://cpldcpu.wordpress.com/2014/01/14/light_ws2812-library-v2-0-part-i-understanding-the-ws2812/}}
}

@book{kormanyos2021real,
  title={Real-Time C++: Efficient Object-Oriented and Template Microcontroller Programming},
  author={Kormanyos, C.},
  isbn={9783662629963},
  url={https://books.google.it/books?id=sog4EAAAQBAJ},
  year={2021},
  publisher={Springer Berlin Heidelberg}
}